<collection xmlns="http://www.loc.gov/MARC21/slim">
  <record>
    <leader>12345nam a2200397Ia 4500</leader>
    <controlfield tag="001">001082972</controlfield>
    <controlfield tag="005">20131218174421.0</controlfield>
    <controlfield tag="008">110915s1902    vaua          000 0 eng d</controlfield>
    <datafield ind1=" " ind2=" " tag="035">
      <subfield code="a">(OCoLC)752582556</subfield>
    </datafield>
    <datafield ind1=" " ind2=" " tag="040">
      <subfield code="a">AJ#</subfield>
      <subfield code="c">AJ#</subfield>
      <subfield code="d">UtOrBLW</subfield>
    </datafield>
    <datafield ind1=" " ind2=" " tag="049">
      <subfield code="a">AJ#A</subfield>
    </datafield>
    <datafield ind1="1" ind2=" " tag="100">
      <subfield code="a">Miller, Kelly,</subfield>
      <subfield code="d">1863-1939.</subfield>
      <subfield code="0">EMU10000048297</subfield>
    </datafield>
    <datafield ind1="1" ind2="4" tag="245">
      <subfield code="a">The Hart Farm School /</subfield>
      <subfield code="c">Kelly Miller.</subfield>
    </datafield>
    <datafield ind1=" " ind2="1" tag="264">
      <subfield code="a">[Hampton, Va.] :</subfield>
      <subfield code="b">[Hampton Normal and Agricultural Institute],</subfield>
      <subfield code="c">[1902]</subfield>
    </datafield>
    <datafield ind1=" " ind2=" " tag="300">
      <subfield code="a">pages 528-534 :</subfield>
      <subfield code="b">illustrations ;</subfield>
      <subfield code="c">26 cm</subfield>
    </datafield>
    <datafield ind1=" " ind2=" " tag="336">
      <subfield code="a">text</subfield>
      <subfield code="b">txt</subfield>
      <subfield code="2">rdacontent</subfield>
    </datafield>
    <datafield ind1=" " ind2=" " tag="337">
      <subfield code="a">unmediated</subfield>
      <subfield code="b">n</subfield>
      <subfield code="2">rdamedia</subfield>
    </datafield>
    <datafield ind1=" " ind2=" " tag="338">
      <subfield code="a">volume</subfield>
      <subfield code="b">nc</subfield>
      <subfield code="2">rdacarrier</subfield>
    </datafield>
    <datafield ind1=" " ind2=" " tag="500">
      <subfield code="a">Caption title.</subfield>
    </datafield>
    <datafield ind1=" " ind2=" " tag="500">
      <subfield code="a">Offprint: The Southern workman. Vol. 31, no. 10 (Oct. 1902).</subfield>
    </datafield>
    <datafield ind1=" " ind2=" " tag="590">
      <subfield code="a">Manuscript, Archives, and Rare Book Library copy from the library of Kelly Miller.</subfield>
    </datafield>
    <datafield ind1="2" ind2="0" tag="610">
      <subfield code="a">Hart Farm School and Junior Republic for Dependent Colored Boys.</subfield>
    </datafield>
    <datafield ind1=" " ind2="0" tag="650">
      <subfield code="a">African American juvenile delinquents</subfield>
      <subfield code="x">Rehabilitation.</subfield>
    </datafield>
    <datafield ind1=" " ind2="7" tag="655">
      <subfield code="a">African American author.</subfield>
      <subfield code="2">local</subfield>
      <subfield code="5">GEU</subfield>
    </datafield>
    <datafield ind1=" " ind2="7" tag="655">
      <subfield code="a">African American pamphlet.</subfield>
      <subfield code="2">local</subfield>
      <subfield code="5">GEU</subfield>
    </datafield>
    <datafield ind1=" " ind2="7" tag="655">
      <subfield code="a">African American publisher.</subfield>
      <subfield code="2">local</subfield>
      <subfield code="5">GEU</subfield>
    </datafield>
    <datafield ind1="1" ind2=" " tag="700">
      <subfield code="a">Miller, Kelly,</subfield>
      <subfield code="d">1863-1939,</subfield>
      <subfield code="e">former owner.</subfield>
      <subfield code="5">GEU</subfield>
      <subfield code="0">EMU10000048297</subfield>
    </datafield>
    <datafield ind1="0" ind2=" " tag="730">
      <subfield code="a">Southern workman (Hampton, Va. : 1900)</subfield>
    </datafield>
    <datafield ind1=" " ind2=" " tag="910">
      <subfield code="a">RDA ENRICHED</subfield>
    </datafield>
    <datafield ind1=" " ind2=" " tag="910">
      <subfield code="a">MARS</subfield>
    </datafield>
    <datafield ind1=" " ind2=" " tag="945">
      <subfield code="a">EMU</subfield>
      <subfield code="b">dmf</subfield>
      <subfield code="2">20111028</subfield>
    </datafield>
    <datafield ind1=" " ind2=" " tag="994">
      <subfield code="a">C0</subfield>
      <subfield code="b">AJ#</subfield>
    </datafield>
    <datafield ind1=" " ind2=" " tag="999">
      <subfield code="a">2011 1511</subfield>
      <subfield code="b">available</subfield>
      <subfield code="d"/>
      <subfield code="f">0</subfield>
      <subfield code="i">010000354312</subfield>
      <subfield code="j"/>
      <subfield code="l">Book Stacks</subfield>
      <subfield code="m">Manuscript, Archives, &amp; Rare Book Library (MARBL)</subfield>
      <subfield code="t">Book</subfield>
      <subfield code="u">19990112</subfield>
      <subfield code="w">OTHER</subfield>
    </datafield>
  </record>
</collection>
